<record><leader>00000cas a2200000 a 4500</leader><controlfield tag="001">7908903</controlfield><controlfield tag="008">811105d1904199umiuwr ne      0   b0pol c</controlfield><datafield ind1=" " ind2=" " tag="010"><subfield code="a">sn 81002233 </subfield></datafield><datafield ind1=" " ind2=" " tag="040"><subfield code="a">NSD</subfield><subfield code="b">eng</subfield><subfield code="c">NSD</subfield><subfield code="d">DLC</subfield><subfield code="d">OCL</subfield><subfield code="d">NSD</subfield><subfield code="d">NPH</subfield><subfield code="d">YOX</subfield><subfield code="d">NSD</subfield><subfield code="d">PIT</subfield><subfield code="d">OCL</subfield><subfield code="d">CNW</subfield><subfield code="d">CRL</subfield><subfield code="d">MHN</subfield><subfield code="d">NVF</subfield><subfield code="d">CVF</subfield><subfield code="d">DLC</subfield><subfield code="d">OCLCQ</subfield><subfield code="d">CRL</subfield><subfield code="d">OCLCO</subfield><subfield code="d">OCLCQ</subfield><subfield code="d">OCLCF</subfield><subfield code="d">OCLCO</subfield><subfield code="d">OCLCQ</subfield><subfield code="d">Y5J</subfield></datafield><datafield ind1=" " ind2=" " tag="012"><subfield code="b">3</subfield><subfield code="j">1</subfield><subfield code="m">d</subfield></datafield><datafield ind1=" " ind2=" " tag="019"><subfield code="a">7583613</subfield></datafield><datafield ind1="0" ind2=" " tag="022"><subfield code="a">0279-5019</subfield><subfield code="l">0279-5019</subfield><subfield code="2">1</subfield></datafield><datafield ind1="1" ind2=" " tag="029"><subfield code="a">AU@</subfield><subfield code="b">000020427496</subfield></datafield><datafield ind1="1" ind2=" " tag="029"><subfield code="a">ZWZ</subfield><subfield code="b">111207029</subfield></datafield><datafield ind1=" " ind2=" " tag="037"><subfield code="b">Polish Daily News, Inc., 19600 Van Dyke, Detroit, Mich. 48234</subfield></datafield><datafield ind1="0" ind2=" " tag="041"><subfield code="a">pol</subfield><subfield code="a">eng</subfield></datafield><datafield ind1=" " ind2=" " tag="042"><subfield code="a">nsdp</subfield><subfield code="a">pcc</subfield></datafield><datafield ind1=" " ind2=" " tag="043"><subfield code="a">n-us-mi</subfield></datafield><datafield ind1="0" ind2="0" tag="050"><subfield code="a">Newspaper</subfield></datafield><datafield ind1="1" ind2="0" tag="082"><subfield code="a">071</subfield><subfield code="2">12</subfield></datafield><datafield ind1=" " ind2=" " tag="096"><subfield code="a">500000000</subfield></datafield><datafield ind1="0" ind2=" " tag="130"><subfield code="a">Dziennik polski (Detroit, Mich.)</subfield></datafield><datafield ind1="0" ind2=" " tag="210"><subfield code="a">Dz. pol.</subfield><subfield code="b">(Detroit Mich.)</subfield></datafield><datafield ind1=" " ind2="0" tag="222"><subfield code="a">Dziennik polski</subfield><subfield code="b">(Detroit, Mich.)</subfield></datafield><datafield ind1="1" ind2="0" tag="245"><subfield code="a">Dziennik polski =</subfield><subfield code="b">The Polish daily.</subfield></datafield><datafield ind1="3" ind2=" " tag="246"><subfield code="a">Polish daily</subfield><subfield code="f">&lt;Mar. 3, 1904&gt;-Mar. 5, 1906</subfield></datafield><datafield ind1="3" ind2=" " tag="246"><subfield code="a">Polish daily news</subfield><subfield code="f">Mar. 6, 1906-</subfield></datafield><datafield ind1=" " ind2=" " tag="260"><subfield code="a">Detroit, Mich. :</subfield><subfield code="b">Polish American Pub. Co.</subfield></datafield><datafield ind1=" " ind2=" " tag="300"><subfield code="a">volumes</subfield></datafield><datafield ind1=" " ind2=" " tag="310"><subfield code="a">Weekly,</subfield><subfield code="b">Oct. 2/3, 1981-</subfield></datafield><datafield ind1=" " ind2=" " tag="321"><subfield code="a">Daily (except Sunday),</subfield><subfield code="b">&lt;Mar. 2, 1904&gt;-Sept. 25/26, 1981</subfield></datafield><datafield ind1=" " ind2=" " tag="336"><subfield code="a">text</subfield><subfield code="b">txt</subfield><subfield code="2">rdacontent</subfield></datafield><datafield ind1=" " ind2=" " tag="337"><subfield code="a">unmediated</subfield><subfield code="b">n</subfield><subfield code="2">rdamedia</subfield></datafield><datafield ind1=" " ind2=" " tag="338"><subfield code="a">volume</subfield><subfield code="b">nc</subfield><subfield code="2">rdacarrier</subfield></datafield><datafield ind1="1" ind2=" " tag="362"><subfield code="a">Began with Mar. 2, 1904 issue.</subfield></datafield><datafield ind1=" " ind2=" " tag="525"><subfield code="a">Includes a Sun. supplement, &lt;1936-1939&gt;, and a weekly supplement with separate designation. &lt;Dec. 23/24, 1967-1988&gt;.</subfield></datafield><datafield ind1=" " ind2=" " tag="530"><subfield code="a">Available on microfilm from The Center for Research Libraries, and the Library of Congress Photoduplication Service.</subfield></datafield><datafield ind1=" " ind2=" " tag="546"><subfield code="a">In Polish and English.</subfield></datafield><datafield ind1=" " ind2=" " tag="580"><subfield code="a">Published separate English eds. called: Polish daily news (Detroit Mich. : 1955), 1955-1956, and: Polish daily news (Detroit Mich.), &lt;1989&gt; ; also published as combined ed. with separate designation, &lt;1990-&gt;.</subfield></datafield><datafield ind1=" " ind2=" " tag="588"><subfield code="a">Description based on: Rok. 1, no. 2 (3 mar., 1904).</subfield></datafield><datafield ind1=" " ind2="0" tag="650"><subfield code="a">Polish Americans</subfield><subfield code="z">Michigan</subfield><subfield code="v">Newspapers.</subfield></datafield><datafield ind1=" " ind2="0" tag="650"><subfield code="a">Polish people</subfield><subfield code="z">United States</subfield><subfield code="v">Newspapers.</subfield></datafield><datafield ind1=" " ind2="0" tag="651"><subfield code="a">Detroit (Mich.)</subfield><subfield code="v">Newspapers.</subfield></datafield><datafield ind1=" " ind2="0" tag="651"><subfield code="a">Wayne County (Mich.)</subfield><subfield code="v">Newspapers.</subfield></datafield><datafield ind1=" " ind2="7" tag="650"><subfield code="a">Polish Americans.</subfield><subfield code="2">fast</subfield><subfield code="0">(OCoLC)fst01068870</subfield></datafield><datafield ind1=" " ind2="7" tag="650"><subfield code="a">Polish people.</subfield><subfield code="2">fast</subfield><subfield code="0">(OCoLC)fst01715992</subfield></datafield><datafield ind1=" " ind2="7" tag="651"><subfield code="a">Michigan.</subfield><subfield code="2">fast</subfield><subfield code="0">(OCoLC)fst01208387</subfield></datafield><datafield ind1=" " ind2="7" tag="651"><subfield code="a">Michigan</subfield><subfield code="z">Detroit.</subfield><subfield code="2">fast</subfield><subfield code="0">(OCoLC)fst01205010</subfield></datafield><datafield ind1=" " ind2="7" tag="651"><subfield code="a">Michigan</subfield><subfield code="z">Wayne County.</subfield><subfield code="2">fast</subfield><subfield code="0">(OCoLC)fst01206628</subfield></datafield><datafield ind1=" " ind2="7" tag="651"><subfield code="a">United States.</subfield><subfield code="2">fast</subfield><subfield code="0">(OCoLC)fst01204155</subfield></datafield><datafield ind1=" " ind2="7" tag="655"><subfield code="a">Newspapers.</subfield><subfield code="2">fast</subfield><subfield code="0">(OCoLC)fst01423814</subfield></datafield><datafield ind1=" " ind2=" " tag="752"><subfield code="a">United States</subfield><subfield code="b">Michigan</subfield><subfield code="c">Wayne</subfield><subfield code="d">Detroit.</subfield></datafield><datafield ind1="1" ind2=" " tag="775"><subfield code="t">Polish daily news (Detroit, Mich. : 1955)</subfield><subfield code="w">(DLC)sn 97061143</subfield></datafield><datafield ind1="1" ind2=" " tag="775"><subfield code="t">Polish daily news (Detroit, Mich.)</subfield><subfield code="x">0279-1013</subfield><subfield code="w">(DLC)sn 93054126</subfield><subfield code="w">(OCoLC)29457996</subfield></datafield><datafield ind1="0" ind2="8" tag="776"><subfield code="i">Online version:</subfield><subfield code="t">Dziennik polski (Detroit, Mich.)</subfield><subfield code="w">(OCoLC)808842522</subfield></datafield></record>